% This file was created with JabRef 2.7b.
% Encoding: UTF-8

@article{class_trad_deep,
  title={A survey of image classification methods and techniques for improving classification performance},
  author={Lu, Dengsheng and Weng, Qihao},
  journal={International journal of Remote sensing},
  volume={28},
  number={5},
  pages={823--870},
  year={2007},
  publisher={Taylor \& Francis}
}

@article{class_trad_deep2,
  title={Comparative analysis of image classification algorithms based on traditional machine learning and deep learning},
  author={Wang, Pin and Fan, En and Wang, Peng},
  journal={Pattern Recognition Letters},
  volume={141},
  pages={61--67},
  year={2021},
  publisher={Elsevier}
}

@article{kernel,
  title={Kernel-based methods for hyperspectral image classification},
  author={Camps-Valls, Gustavo and Bruzzone, Lorenzo},
  journal={IEEE Transactions on Geoscience and Remote Sensing},
  volume={43},
  number={6},
  pages={1351--1362},
  year={2005},
  publisher={IEEE}
}

@inproceedings{linear_nonlinear,
  title={A study on support vector machine based linear and non-linear pattern classification},
  author={Ghosh, Sourish and Dasgupta, Anasuya and Swetapadma, Aleena},
  booktitle={2019 International Conference on Intelligent Sustainable Systems (ICISS)},
  pages={24--28},
  year={2019},
  organization={IEEE}
}

@article{svm_survey,
  title={Survey on SVM and their application in image classification},
  author={Chandra, Mayank Arya and Bedi, SS},
  journal={International Journal of Information Technology},
  volume={13},
  number={5},
  pages={1--11},
  year={2021},
  publisher={Springer}
}

@inproceedings{knn,
  title={KNN model-based approach in classification},
  author={Guo, Gongde and Wang, Hui and Bell, David and Bi, Yaxin and Greer, Kieran},
  booktitle={On The Move to Meaningful Internet Systems 2003: CoopIS, DOA, and ODBASE: OTM Confederated International Conferences, CoopIS, DOA, and ODBASE 2003, Catania, Sicily, Italy, November 3-7, 2003. Proceedings},
  pages={986--996},
  year={2003},
  organization={Springer}
}

@inproceedings{sift,
  title={Image classification based on SIFT and SVM},
  author={Li, Qilong and Wang, Xiaohong},
  booktitle={2018 IEEE/ACIS 17th International Conference on Computer and Information Science (ICIS)},
  pages={762--765},
  year={2018},
  organization={IEEE}
}

@article{svm_sift,
  title={Support vector machines for histogram-based image classification},
  author={Chapelle, Olivier and Haffner, Patrick and Vapnik, Vladimir N},
  journal={IEEE transactions on Neural Networks},
  volume={10},
  number={5},
  pages={1055--1064},
  year={1999},
  publisher={IEEE}
}

@inproceedings{hog,
  title={Histograms of oriented gradients for human detection},
  author={Dalal, Navneet and Triggs, Bill},
  booktitle={2005 IEEE computer society conference on computer vision and pattern recognition (CVPR'05)},
  volume={1},
  pages={886--893},
  year={2005},
  organization={Ieee}
}

@article{cnn_overview,
  title={CNN variants for computer vision: History, architecture, application, challenges and future scope},
  author={Bhatt, Dulari and Patel, Chirag and Talsania, Hardik and Patel, Jigar and Vaghela, Rasmika and Pandya, Sharnil and Modi, Kirit and Ghayvat, Hemant},
  journal={Electronics},
  volume={10},
  number={20},
  pages={2470},
  year={2021},
  publisher={MDPI}
}

@article{cnn_survey,
  title={A survey of convolutional neural networks: analysis, applications, and prospects},
  author={Li, Zewen and Liu, Fan and Yang, Wenjie and Peng, Shouheng and Zhou, Jun},
  journal={IEEE transactions on neural networks and learning systems},
  volume={33},
  number={12},
  pages={6999--7019},
  year={2021},
  publisher={IEEE}
}

@inproceedings{residual,
  title={Inception-v4, inception-resnet and the impact of residual connections on learning},
  author={Szegedy, Christian and Ioffe, Sergey and Vanhoucke, Vincent and Alemi, Alexander},
  booktitle={Proceedings of the AAAI conference on artificial intelligence},
  volume={31},
  number={1},
  year={2017}
}

@article{resnet,
  title={Resnet in resnet: Generalizing residual architectures},
  author={Targ, Sasha and Almeida, Diogo and Lyman, Kevin},
  journal={arXiv preprint arXiv:1603.08029},
  year={2016}
}

@article{vit_survey,
  title={A survey of transformers},
  author={Lin, Tianyang and Wang, Yuxin and Liu, Xiangyang and Qiu, Xipeng},
  journal={AI open},
  volume={3},
  pages={111--132},
  year={2022},
  publisher={Elsevier}
}

@article{deep3,
  title={Deep convolutional neural networks for image classification: A comprehensive review},
  author={Rawat, Waseem and Wang, Zenghui},
  journal={Neural computation},
  volume={29},
  number={9},
  pages={2352--2449},
  year={2017},
  publisher={MIT Press}
}

@article{soa,
  title={State-of-the-art in artificial neural network applications: A survey},
  author={Abiodun, Oludare Isaac and Jantan, Aman and Omolara, Abiodun Esther and Dada, Kemi Victoria and Mohamed, Nachaat AbdElatif and Arshad, Humaira},
  journal={Heliyon},
  volume={4},
  number={11},
  year={2018},
  publisher={Elsevier}
}

@inproceedings{convnext,
  title={Convnext v2: Co-designing and scaling convnets with masked autoencoders},
  author={Woo, Sanghyun and Debnath, Shoubhik and Hu, Ronghang and Chen, Xinlei and Liu, Zhuang and Kweon, In So and Xie, Saining},
  booktitle={Proceedings of the IEEE/CVF Conference on Computer Vision and Pattern Recognition},
  pages={16133--16142},
  year={2023}
}

@inproceedings{Efficientnet,
  title={Efficientnet: Rethinking model scaling for convolutional neural networks},
  author={Tan, Mingxing and Le, Quoc},
  booktitle={International conference on machine learning},
  pages={6105--6114},
  year={2019},
  organization={PMLR}
}

@article{seg_tec,
  title={Image segmentation techniques},
  author={Haralick, Robert M and Shapiro, Linda G},
  journal={Computer vision, graphics, and image processing},
  volume={29},
  number={1},
  pages={100--132},
  year={1985},
  publisher={Elsevier}
}

@article{seg_tres,
  title={A survey on threshold based segmentation technique in image processing},
  author={Bhargavi, K and Jyothi, S},
  journal={International Journal of Innovative Research and Development},
  volume={3},
  number={12},
  pages={234--239},
  year={2014}
}

@article{edge_seg,
  title={Multiscale image segmentation by integrated edge and region detection},
  author={Tabb, Mark and Ahuja, Narendra},
  journal={IEEE Transactions on image processing},
  volume={6},
  number={5},
  pages={642--655},
  year={1997},
  publisher={IEEE}
}

@article{deep_seg,
  title={Image segmentation using deep learning: A survey},
  author={Minaee, Shervin and Boykov, Yuri and Porikli, Fatih and Plaza, Antonio and Kehtarnavaz, Nasser and Terzopoulos, Demetri},
  journal={IEEE transactions on pattern analysis and machine intelligence},
  volume={44},
  number={7},
  pages={3523--3542},
  year={2021},
  publisher={IEEE}
}

@inproceedings{fcc,
  title={Fully convolutional networks for semantic segmentation},
  author={Long, Jonathan and Shelhamer, Evan and Darrell, Trevor},
  booktitle={Proceedings of the IEEE conference on computer vision and pattern recognition},
  pages={3431--3440},
  year={2015}
}

@inproceedings{unet,
  title={Unet 3+: A full-scale connected unet for medical image segmentation},
  author={Huang, Huimin and Lin, Lanfen and Tong, Ruofeng and Hu, Hongjie and Zhang, Qiaowei and Iwamoto, Yutaro and Han, Xianhua and Chen, Yen-Wei and Wu, Jian},
  booktitle={ICASSP 2020-2020 IEEE international conference on acoustics, speech and signal processing (ICASSP)},
  pages={1055--1059},
  year={2020},
  organization={IEEE}
}

@inproceedings{mask,
  title={Mask r-cnn},
  author={He, Kaiming and Gkioxari, Georgia and Doll{\'a}r, Piotr and Girshick, Ross},
  booktitle={Proceedings of the IEEE international conference on computer vision},
  pages={2961--2969},
  year={2017}
}

@article{deeplab,
  title={Deeplab: Semantic image segmentation with deep convolutional nets, atrous convolution, and fully connected crfs},
  author={Chen, Liang-Chieh and Papandreou, George and Kokkinos, Iasonas and Murphy, Kevin and Yuille, Alan L},
  journal={IEEE transactions on pattern analysis and machine intelligence},
  volume={40},
  number={4},
  pages={834--848},
  year={2017},
  publisher={IEEE}
}

@inproceedings{color,
  title={Impact of colour on robustness of deep neural networks},
  author={De, Kanjar and Pedersen, Marius},
  booktitle={Proceedings of the IEEE/CVF international conference on computer vision},
  pages={21--30},
  year={2021}
}

@inproceedings{bg_1,
  title={Image background noise impact on convolutional neural network training},
  author={Rajnoha, Martin and Burget, Radim and Povoda, Lukas},
  booktitle={2018 10th international congress on ultra modern telecommunications and control systems and workshops (ICUMT)},
  pages={1--4},
  year={2018},
  organization={IEEE}
}

@article{bg_2,
  title={Time for a background check! uncovering the impact of background features on deep neural networks},
  author={Sehwag, Vikash and Oak, Rajvardhan and Chiang, Mung and Mittal, Prateek},
  journal={arXiv preprint arXiv:2006.14077},
  year={2020}
}

@article{bg_3,
  title={Identification of Multiple Diseases in Apple Leaf Based on Optimized Lightweight Convolutional Neural Network},
  author={Wang, Bin and Yang, Hua and Zhang, Shujuan and Li, Lili},
  journal={Plants},
  volume={13},
  number={11},
  pages={1535},
  year={2024},
  publisher={MDPI}
}

@article{bg_4,
  title={Impacts of background removal on convolutional neural networks for plant disease classification in-situ},
  author={Kc, Kamal and Yin, Zhendong and Li, Dasen and Wu, Zhilu},
  journal={Agriculture},
  volume={11},
  number={9},
  pages={827},
  year={2021},
  publisher={MDPI}
}

@article{bg_5,
  title={The Impact of Background Removal on Performance of Neural Networks for Fashion Image Classification and Segmentation},
  author={Liang, Junhui and Liu, Ying and Vlassov, Vladimir},
  journal={arXiv preprint arXiv:2308.09764},
  year={2023}
}

@article{metrtics,
  title={Metrics for multi-class classification: an overview},
  author={Grandini, Margherita and Bagli, Enrico and Visani, Giorgio},
  journal={arXiv preprint arXiv:2008.05756},
  year={2020}
}
